@misc{lwjglgamedev, 
	 author={Antonio Hern√°ndez Bejarano},
	 title={3D Game Development with LWJGL }, 
	 howpublished={\url{https://lwjglgamedev.gitbooks.io/3d-game-development-with-lwjgl}}
},

@misc{screenspace,
    author={Anton Gerdelan},
    title={Mouse Picking with Ray Casting},
    howpublished={\url{https://antongerdelan.net//opengl/raycasting.html}}
},
